
@misc{bodard_inscriptions_2007,
	title = {Inscriptions of {Aphrodisias} ({IAph2007})},
	abstract = {This is the first edition of the online corpus of the inscriptions of Aphrodisias recorded up to 1994. The editions, translations and commentary are by Joyce Reynolds, Charlotte Roueché and Gabriel Bodard. Inscriptions are marked-up using the EpiDoc electronic editorial conventions developed by Tom Elliott and others. The online publication, including the technical architecture and the framework for the central XML files and the supporting materials, was developed by the Centre for Computing in the Humanities, King's College London.},
	language = {English},
	publisher = {Unknown Publisher},
	author = {Bodard, G. and Roueché, Charlotte and Reynolds, J.},
	month = sep,
	year = {2007},
	annote = {Inscriptions of Aphrodisias, by Joyce Reynolds, Charlotte Roueché and Gabriel Bodard, http://insaph.kcl.ac.uk /iaph2007 published in September 2007 at the 13th International Congress of Greek and Latin Epigraphy http://ciegl.classics.ox.ac.uk/html/Friday.shtml},
}

@book{roueche_inscriptions_2022,
	title = {Inscriptions of {Roman} {Tripolitania} 2021},
	abstract = {An enhanced and expanded collection based on Inscriptions of Roman Tripolitania 2009, brought up to date, and with data contributed by many colleagues},
	language = {English},
	publisher = {The Society for Libyan Studies},
	author = {Roueche, Charlotte},
	editor = {Bodard, Gabriel and Vagionakis, Irene and Barron, Caroline},
	month = jan,
	year = {2022},
	keywords = {Epigraphy, Libya, North Africa, Roman History},
}

@book{roueche_inscriptions_2020,
	title = {Inscriptions of {Roman} {Cyrenaica} (2020)},
	language = {English},
	publisher = {The Society for Libyan Studies},
	author = {Roueche, Charlotte and Reynolds, Joyce and Bodard, Gabriel},
	month = dec,
	year = {2020},
	keywords = {Greek epigraphy, Latin epigraphy, Libya, North Africa, Roman history},
}

@book{roueche2020,
	title = {Inscriptions of Roman Cyrenaica (2020)},
	author = {Roueche, Charlotte and Reynolds, Joyce and Bodard, Gabriel},
	year = {2020},
	month = {12},
	date = {2020-12-16},
	publisher = {The Society for Libyan Studies},
	langid = {English}
}

@book{roueche2022,
	title = {Inscriptions of Roman Tripolitania 2021},
	author = {Roueche, Charlotte},
	editor = {Bodard, Gabriel and Vagionakis, Irene and Barron, Caroline},
	year = {2022},
	month = {01},
	date = {2022-01-20},
	publisher = {The Society for Libyan Studies},
	langid = {English}
}

@inbook{tupman2021,
	title = {Where Can Our Inscriptions Take Us? Harnessing the Potential of Linked Open Data for Epigraphy},
	author = {Tupman, Charlotte},
	editor = {{Velasquéz Soriano}, Isabel and Espinosa Espinosa, David},
	year = {2021},
	date = {2021},
	publisher = {Archaeopress},
	pages = {115--128},
	address = {Oxford}
}
